@article{albano1979description,
  title={On the description of interfacial properties using singular densities and currents at a dividing surface},
  author={Albano, A M and Bedeaux, D and Vlieger, J},
  journal={Physica A: Statistical Mechanics and its Applications},
  volume={99},
  number={1-2},
  pages={293--304},
  year={1979},
  publisher={Elsevier}
}

@article{albano1980description,
  title={On the description of interfacial electromagnetic properties using singular fields, charge density and currents at a dividing surface},
  author={Albano, A M and Bedeaux, D and Vlieger, J},
  journal={Physica A: Statistical Mechanics and its Applications},
  volume={102},
  number={1},
  pages={105--119},
  year={1980},
  publisher={North-Holland}
}


@article{alvarez2020formation,
  title={Formation and optical response of self-assembled gold nanoparticle lattices on oxidized silicon synthesized using block copolymers},
  author={Alvarez-Fernandez, A and Fleury, G and Ponsinet, V and Walmsness, P M and Kildemo, M},
  journal={Journal of Vacuum Science \& Technology B, Nanotechnology and Microelectronics: Materials, Processing, Measurement, and Phenomena},
  volume={38},
  number={1},
  pages={013601},
  year={2020},
  publisher={American Vacuum Society}
}


@article{atwater2007promise,
  title={The promise of plasmonics},
  author={Atwater, H A},
  journal={Scientific American},
  volume={296},
  number={4},
  pages={56--63},
  year={2007},
  publisher={JSTOR}
}

@article{bagchi1979perturbative,
  title={Perturbative approach to the calculation of the electric field near a metal surface},
  author={Bagchi, A and Barrera, R G and Rajagopal, A K},
  journal={Physical review B},
  volume={20},
  number={12},
  pages={4824},
  year={1979},
  publisher={APS}
}



@phdthesis{banon2018simulation,
  title={On the Simulation of Electromagnetic Wave Scattering by Periodic and Randomly Rough Layered Structures based on the Reduced Rayleigh Equations: Theory, numerical analysis and applications},
  author={Banon, J-P},
  year={2018},
  school={Norges teknisk-naturvitenskapelige universitet (NTNU)}
}



@article{barr1991einstein,
  title={The Einstein Summation Notation},
  author={Barr, Alan H},
  journal={An Introduction to Physically Based Modeling (Course Notes 19), pages E},
  volume={1},
  year={1991}
}

@article{barrera1990effective,
  title={Effective dielectric response of polydispersed composites},
  author={Barrera, R G and Villasenor-Gonzalez, P and Moch{\'a}n, W L and Monsivais, G},
  journal={Physical Review B},
  volume={41},
  number={11},
  pages={7370},
  year={1990},
  publisher={APS}
}


@article{barrera1993effective,
  title={Effective dielectric response of a composite with aligned spheroidal inclusions},
  author={Barrera, R G and Giraldo, J and Moch{\'a}n, W L},
  journal={Physical Review B},
  volume={47},
  number={14},
  pages={8528},
  year={1993},
  publisher={APS}
}

@article{baus1987thermodynamics,
  title={Thermodynamics and structure of a fluid of hard rods, disks, spheres, or hyperspheres from rescaled virial expansions},
  author={Baus, M and Colot, J-L},
  journal={Physical Review A},
  volume={36},
  number={8},
  pages={3912},
  year={1987},
  publisher={APS}
}


@article{barber1990investigation,
  title={An investigation of the origin of the colour of the Lycurgus Cup by analytical transmission electron microscopy},
  author={Barber, D J and Freestone, I C},
  journal={Archaeometry},
  volume={32},
  number={1},
  pages={33--45},
  year={1990},
  publisher={Blackwell Publishing Ltd Oxford, UK}
}


@article{bedeaux1994definition,
  title={The definition and use of optical invariants for thin island films},
  author={Bedeaux, D and Koper, G J M and vd Zeeuw, E A and Vlieger, J and Wind, M},
  journal={Physica A: Statistical Mechanics and its Applications},
  volume={207},
  number={1-3},
  pages={285--292},
  year={1994},
  publisher={Elsevier}
}

@article{bedeaux1973phenomenological,
  title={A phenomenological theory of the dielectric properties of thin films},
  author={Bedeaux, D and Vlieger, J},
  journal={Physica},
  volume={67},
  number={1},
  pages={55--73},
  year={1973},
  publisher={Elsevier}
}

@article{bobbert1987polarizability,
  title={The polarizability of a spheroidal particle on a substrate},
  author={Bobbert, P A and Vlieger, J},
  journal={Physica A: Statistical Mechanics and its Applications},
  volume={147},
  number={1-2},
  pages={115--141},
  year={1987},
  publisher={Elsevier}
}

@article{borensztein1986blue,
  title={Blue shift of the dipolar plasma resonance in small silver particles on an alumina surface},
  author={Borensztein, Y and De Andres, P and Monreal, R and Lopez-Rios, T and Flores, F},
  journal={Physical Review B},
  volume={33},
  number={4},
  pages={2828},
  year={1986},
  publisher={APS}
}

@article{burkardt2014truncated,
  title={The truncated normal distribution},
  author={Burkardt, J},
  journal={Department of Scientific Computing Website, Florida State University},
  year={2014}
}


@misc{dawson,
  title = {{Comparing Floating Point Numbers}, 2012 Edition},
  authour = {Dawson, B},
  howpublished = {\url{https://randomascii.wordpress.com/2012/02/25/comparing-floating-point-numbers-2012-edition/}},
  note = {Accessed: 2019-10-10, 15:13.}
}

@article{draine1994discrete,
  title={Discrete-dipole approximation for scattering calculations},
  author={Draine, B T and Flatau, P J},
  journal={Josa a},
  volume={11},
  number={4},
  pages={1491--1499},
  year={1994},
  publisher={Optical Society of America}
}

@article{esteban2012chain,
  title={How chain plasmons govern the optical response in strongly interacting self-assembled metallic clusters of nanoparticles},
  author={Esteban, R and Taylor, R W and Baumberg, J J and Aizpurua, J},
  journal={Langmuir},
  volume={28},
  number={24},
  pages={8881--8890},
  year={2012},
  publisher={ACS Publications}
}


@article{gavin2011levenberg,
  title={The Levenberg-Marquardt method for nonlinear least squares curve-fitting problems},
  author={Gavin, H},
  journal={Department of Civil and Environmental Engineering, Duke University},
  pages={1--15},
  year={2011}
}

@article{gazzillo1999scaling,
  title={A scaling approximation for structure factors in the integral equation theory of polydisperse nonionic colloidal fluids},
  author={Gazzillo, D and Giacometti, A and Guido D V, R and Venuti, E and Carsughi, F},
  journal={The Journal of chemical physics},
  volume={111},
  number={16},
  pages={7636--7645},
  year={1999},
  publisher={American Institute of Physics}
}


@article{ghosh2007interparticle,
  title={Interparticle coupling effect on the surface plasmon resonance of gold nanoparticles: from theory to applications},
  author={Ghosh, S K and Pal, T},
  journal={Chemical reviews},
  volume={107},
  number={11},
  pages={4797--4862},
  year={2007},
  publisher={ACS Publications}
}



@article{grachev2013real,
  title={Real-time monitoring of nanoparticle film growth at high deposition rate with optical spectroscopy of plasmon resonances},
  author={Grachev, S and De Grazia, M and Barthel, E and S{\o}nderg{\aa}rd, E and Lazzari, R},
  journal={Journal of Physics D: Applied Physics},
  volume={46},
  number={37},
  pages={375305},
  year={2013},
  publisher={IOP Publishing}
}


@article{freestone2007lycurgus,
  title={The Lycurgus cupâ€”a roman nanotechnology},
  author={Freestone, I and Meeks, N and Sax, M and Higgitt, C},
  journal={Gold bulletin},
  volume={40},
  number={4},
  pages={270--277},
  year={2007},
  publisher={Springer}
}


@article{garnett1904xii,
  title={XII. Colours in metal glasses and in metallic films},
  author={Garnett, J C Maxwell},
  journal={Philosophical Transactions of the Royal Society of London. Series A, Containing Papers of a Mathematical or Physical Character},
  volume={203},
  number={359-371},
  pages={385--420},
  year={1904},
  publisher={The Royal Society London}
}


@article{haarmans1995optical,
  title={Optical properties of thin films up to second order in the thickness},
  author={Haarmans, M T and Bedeaux, D},
  journal={Thin Solid Films},
  volume={258},
  number={1-2},
  pages={213--223},
  year={1995},
  publisher={Elsevier}
}


@article{haarmans1993polarizability,
  title={The polarizability and the optical properties of lattices and random distributions of small metal spheres on a substrate},
  author={Haarmans, M T and Bedeaux, D},
  journal={Thin Solid Films},
  volume={224},
  number={1},
  pages={117--131},
  year={1993},
  publisher={Elsevier}
}


@article{hovel1993width,
  title={Width of cluster plasmon resonances: bulk dielectric functions and chemical interface damping},
  author={H{\"o}vel, H and Fritz, S and Hilger, A and Kreibig, U and Vollmer, Michael},
  journal={Physical Review B},
  volume={48},
  number={24},
  pages={18178},
  year={1993},
  publisher={APS}
}


@techreport{james1994minuit,
  title={MINUIT function minimization and error analysis: reference manual version 94.1},
  author={James, F},
  year={1994}
}

@article{James1994,
abstract = {CERN Program Library Long Writeup D506},
author = {James, F},
file = {:home/sunniva/Documents/PhD/bib/data{\_}technical/1994{\_}James{\_}CERNComputingDevision{\_}MINUITtransformation.pdf:pdf},
journal = {Unpublished},
mendeley-groups = {PhD/data{\_}technical},
pages = {50},
title = {{MINUIT User's Guide (Old)}},
year = {1994}
}


@misc{kelly2003optical,
  title={The optical properties of metal nanoparticles: the influence of size, shape, and dielectric environment},
  author={Kelly, K L and Coronado, E and Zhao, L L and Schatz, G C},
  year={2003},
  journal={The Journal of physical chemistry},
  volume={107},
  number={5},
  pages={668--677},
  publisher={ACS Publications}
}



@article{kotlarchyk1983analysis,
  title={Analysis of small angle neutron scattering spectra from polydisperse interacting colloids},
  author={Kotlarchyk, M and Chen, S-H},
  journal={The Journal of chemical physics},
  volume={79},
  number={5},
  pages={2461--2469},
  year={1983},
  publisher={American Institute of Physics}
}



@phdthesis{lazzari2000vers,
  title={Vers la maitrise de la croissance de couches minces: une etude par spectroscopie optique et d'electrons},
  author={Lazzari, R},
  year={2000},
  school={UniversitÃ© Paris-Sud}
}



@article{lazzari2001polarizability,
  title={Polarizability of truncated spheroidal particles supported by a substrate: model and applications},
  author={Lazzari, R and Simonsen, I and Bedeaux, D and Vlieger, J and Jupille, J},
  journal={The European Physical Journal B-Condensed Matter and Complex Systems},
  volume={24},
  number={2},
  pages={267--284},
  year={2001},
  publisher={Springer}
}



@article{lazzari2002granfilm,
  title={GRANFILM: a software for calculating thin-layer dielectric properties and Fresnel coefficients},
  author={Lazzari, R and Simonsen, I},
  journal={Thin Solid Films},
  volume={419},
  number={1-2},
  pages={124--136},
  year={2002},
  publisher={Elsevier}
}


@article{lazzari2002multipolar,
  title={Multipolar plasmon resonances in supported silver particles: The case of Ag/$\alpha$-$\text{Al}_2\text{O}_3$(0001)},
  author={Lazzari, R and Roux, S and Simonsen, I and Jupille, J and Bedeaux, D and Vlieger, J},
  journal={Physical Review B},
  volume={65},
  number={23},
  pages={235424},
  year={2002},
  publisher={APS}
}

@article{lazzari2003onset,
  title={Onset of charge localisation on coupling multipolar absorption modes in supported metal particles},
  author={Lazzari, R and Simonsen, I and Jupille, J},
  journal={EPL (Europhysics Letters)},
  volume={61},
  number={4},
  pages={541},
  year={2003},
  publisher={IOP Publishing}
}


@article{lazzari2009adhesion,
  title={Adhesion of growing nanoparticles at a glance: surface differential reflectivity spectroscopy and grazing incidence small angle x-ray scattering},
  author={Lazzari, R and Renaud, G and Revenant, C and Jupille, J and Borensztein, Y},
  journal={Physical Review B},
  volume={79},
  number={12},
  pages={125428},
  year={2009},
  publisher={APS}
}


@article{lazzari2011quantitative,
  title={Quantitative analysis of nanoparticle growth through plasmonics},
  author={Lazzari, R and Jupille, J},
  journal={Nanotechnology},
  volume={22},
  number={44},
  pages={445703},
  year={2011},
  publisher={IOP Publishing}
}

@article{lazzari2012growth,
  title={Growth kinetics and size-dependent wetting of Ag/$\alpha$-Al2O3 (0001) nanoparticles studied via the plasmonic response},
  author={Lazzari, R and Jupille, J},
  journal={Nanotechnology},
  volume={23},
  number={13},
  pages={135707},
  year={2012},
  publisher={IOP Publishing}
}

@article{lazzari2014model,
  title={Model-free unraveling of supported nanoparticles plasmon resonance modes},
  author={Lazzari, R and Jupille, J and Cavallotti, R and Simonsen, I},
  journal={The Journal of Physical Chemistry C},
  volume={118},
  number={13},
  pages={7032--7048},
  year={2014},
  publisher={ACS Publications}
}

@article{liebsch1993surface,
  title={Surface-plasmon dispersion and size dependence of Mie resonance: silver versus simple metals},
  author={Liebsch, A},
  journal={Physical Review B},
  volume={48},
  number={15},
  pages={11317},
  year={1993},
  publisher={APS}
}


@book{madsen1999methods,
  author={Madsen, K and Nielsen, H B and Tingleff, O},
  title={Methods for non-linear least squares problems},
  year={1999}
}

@article{malureanu2015ultra,
  title={Ultra-thin films for plasmonics: a technology overview},
  author={Malureanu, R and Lavrinenko, A},
  journal={Nanotechnology Reviews},
  volume={4},
  number={3},
  pages={259--275},
  year={2015},
  publisher={De Gruyter}
}



@article{moores2006plasmon,
  title={The plasmon band in noble metal nanoparticles: an introduction to theory and applications},
  author={Moores, A and Goettmann, F},
  journal={New Journal of Chemistry},
  volume={30},
  number={8},
  pages={1121--1132},
  year={2006},
  publisher={Royal Society of Chemistry}
}


@article{mie1908beitrage,
  title={Beitr{\"a}ge zur Optik tr{\"u}ber Medien, speziell kolloidaler Metall{\"o}sungen},
  author={Mie, G},
  journal={Annalen der physik},
  volume={330},
  number={3},
  pages={377--445},
  year={1908},
  publisher={Wiley Online Library}
}


@article{monreal2013competition,
  title={Competition between surface screening and size quantization for surface plasmons in nanoparticles},
  author={Monreal, R C and Antosiewicz, T J and Apell, S P},
  journal={New Journal of Physics},
  volume={15},
  number={8},
  pages={083044},
  year={2013},
  publisher={IOP Publishing}
}


@misc{newville_2014_11813,
  author       = {Newville, M and
                  Stensitzki, T and
                  Allen, D B and
                  Ingargiola,  A},
  title        = {{LMFIT: Non-Linear Least-Square Minimization and 
                   Curve-Fitting for PythonÂ¶}},
  month        = sep,
  year         = 2014,
  doi          = {10.5281/zenodo.11813},
  url          = {https://doi.org/10.5281/zenodo.11813}
}




@article{niklasson1999optical,
  title={Optical properties of square lattices of gold nanoparticles},
  author={Niklasson, G A and Bobbert, P A and Craighead, H G},
  journal={Nanostructured Materials},
  volume={12},
  number={5-8},
  pages={725--730},
  year={1999},
  publisher={Elsevier}
}

@article{noguez1998multipolar,
  title={Multipolar and disorder effects in the optical properties of granular composites},
  author={Noguez, C and Barrera, R G},
  journal={Physical Review B},
  volume={57},
  number={1},
  pages={302},
  year={1998},
  publisher={APS}
}


@article{noguez2007surface,
  title={Surface plasmons on metal nanoparticles: the influence of shape and physical environment},
  author={Noguez, C},
  journal={The Journal of Physical Chemistry C},
  volume={111},
  number={10},
  pages={3806--3819},
  year={2007},
  publisher={ACS Publications}
}


@article{prodan2003hybridization,
  title={A hybridization model for the plasmon response of complex nanostructures},
  author={Prodan, E and Radloff, C and Halas, N J and Nordlander, P},
  journal={Science},
  volume={302},
  number={5644},
  pages={419--422},
  year={2003},
  publisher={American Association for the Advancement of Science}
}



@article{ozbay2006plasmonics,
  title={Plasmonics: merging photonics and electronics at nanoscale dimensions},
  author={Ozbay, E},
  journal={science},
  volume={311},
  number={5758},
  pages={189--193},
  year={2006},
  publisher={American Association for the Advancement of Science}
}

@article{pedersen1994determination,
  title={Determination of size distribution from small-angle scattering data for systems with effective hard-sphere interactions},
  author={Pedersen, J S},
  journal={Journal of applied crystallography},
  volume={27},
  number={4},
  pages={595--608},
  year={1994},
  publisher={International Union of Crystallography}
}

@article{PhysRevB.83.075426,
  title = {Substrate influence on the plasmonic response of clusters of spherical nanoparticles},
  author = {Letnes, P A and Simonsen, I and Mills, D L},
  journal = {Phys. Rev. B},
  volume = {83},
  issue = {7},
  pages = {075426},
  numpages = {11},
  year = {2011},
  month = {Feb},
  publisher = {American Physical Society},
  doi = {10.1103/PhysRevB.83.075426},
  url = {https://link.aps.org/doi/10.1103/PhysRevB.83.075426}
}

@article{letnes2012plasmonic,
  title={Plasmonic resonances at interfaces patterned by nanoparticle lattices},
  author={Letnes, P A and Simonsen, I and Mills, D L},
  journal={arXiv preprint arXiv:1208.1911},
  year={2012}
}

@article{radloff2004plasmonic,
  title={Plasmonic properties of concentric nanoshells},
  author={Radloff, C and Halas, N J},
  journal={Nano letters},
  volume={4},
  number={7},
  pages={1323--1327},
  year={2004},
  publisher={ACS Publications}
}



@article{renaud2009probing,
  title={Probing surface and interface morphology with grazing incidence small angle X-ray scattering},
  author={Renaud, G and Lazzari, R and Leroy, F},
  journal={Surface Science Reports},
  volume={64},
  number={8},
  pages={255--380},
  year={2009},
  publisher={Elsevier}
}

@article{sancho2009surface,
  title={Surface plasmon resonance broadening of metallic particles in the quasi-static approximation: a numerical study of size confinement and interparticle interaction effects},
  author={Sancho-Parramon, J},
  journal={Nanotechnology},
  volume={20},
  number={23},
  pages={235706},
  year={2009},
  publisher={IOP Publishing}
}



@article{simonsen2000numerical,
  title={Numerical modeling of the optical response of supported metallic particles},
  author={Simonsen, I and Lazzari, R and Jupille, J and Roux, S},
  journal={Physical Review B},
  volume={61},
  number={11},
  pages={7722},
  year={2000},
  publisher={APS}
}


@article{stefanou1991scattering,
  title={Scattering of light from a two-dimensional array of spherical particles on a substrate},
  author={Stefanou, N and Modinos, A},
  journal={Journal of Physics: Condensed Matter},
  volume={3},
  number={41},
  pages={8135},
  year={1991},
  publisher={IOP Publishing}
}

@article{stefanou1992scattering,
  title={Scattering of electromagnetic waves by periodic structures},
  author={Stefanou, N and Karathanos, V and Modinos, A},
  journal={Journal of Physics: Condensed Matter},
  volume={4},
  number={36},
  pages={7389},
  year={1992},
  publisher={IOP Publishing}
}


@Comment @article{Simonsen2000,
@Comment abstract = {The present work reports a general method for the calculation of the polarizability of a truncated sphere on a substrate. A multipole expansion is used, where the multipoles are not necessarily localized in the center of the sphere but can freely move on the revolution axis. From the weak formulation of the boundary conditions, an infinite set of linear equations for the multipole coefficients is derived. To obtain this set, the interaction between the island and the substrate is taken into account by the technique of image multipoles. For numerical implementation, this set is truncated at an arbitrary multipole order. The accuracy of the method is judged through the stability of the truncated sphere polarizability and the fulfillment of the boundary conditions, which are demonstrated to be satisfied in large regions of the parameter space. This method brings an improvement with respect to the Bedeaux case M. M. Wind, J. Vlieger, and D. Bedeaux, Physica A 141,33 1987;M.M. Wind, P. A. Bobbert, J. Vlieger, and D. Bedeaux, ibid 143, 164 1987 where the multipoles are located in the center of the sphere.},
@Comment author = {Simonsen, Ingve and Lazzari, R{\'{e}}mi and Jupille, Jacques and Roux, St{\'{e}}phane},
@Comment doi = {10.1103/PhysRevB.61.7722},
@Comment file = {:Users/sunnivaindrehus/Documents/Utdanning/PhD/Bib/Articles/spheriodesTheory/2000{\_}Simonsen{\_}PhysRevB{\_}SupportedMetallicParticles.pdf:pdf},
@Comment isbn = {1098-0121},
@Comment issn = {01631829},
@Comment journal = {Physical Review B},
@Comment mendeley-groups = {PhD/Articles/plasmonics},
@Comment number = {11},
@Comment pages = {7722--7733},
@Comment title = {{Numerical modeling of the optical response of supported metallic particles}},
@Comment url = {http://link.aps.org/doi/10.1103/PhysRevB.61.7722},
@Comment volume = {61},
@Comment year = {2000}
@Comment }




@misc{simonsen2003granfilm,
  title={GranFilm: Optical Properties of Granular Thin Films},
  author={Simonsen, I and Lazzari, R},
  year={2003}
}

@article{van1989dielectric,
  title={Dielectric study of temperature-dependent aerosol OT/water/isooctane microemulsion structure},
  author={Van Dijk, M A and Joosten, J G H and Levine, Y K and Bedeaux, D},
  journal={The Journal of Physical Chemistry},
  volume={93},
  number={6},
  pages={2506--2512},
  year={1989},
  publisher={ACS Publications}
}


@article{vlieger1980statistical,
  title={A statistical theory for the dielectric properties of thin island films},
  author={Vlieger, J and Bedeaux, D},
  journal={Thin Solid Films},
  volume={69},
  number={1},
  pages={107--130},
  year={1980},
  publisher={Elsevier}
}


@article{wang2007plasmonic,
  title={Plasmonic nanostructures: artificial molecules},
  author={Wang, H and Brandl, D W and Nordlander, P and Halas, N J},
  journal={Accounts of chemical research},
  volume={40},
  number={1},
  pages={53--62},
  year={2007},
  publisher={ACS Publications}
}


@article{wood1977effective,
  title={Effective medium theory of optical properties of small particle composites},
  author={Wood, D M and Ashcroft, N W},
  journal={Philosophical Magazine},
  volume={35},
  number={2},
  pages={269--280},
  year={1977},
  publisher={Taylor \& Francis}
}



@article{wind1987polarizabilityI,
  title={The polarizability of a truncated sphere on a substrate I},
  author={Wind, M M and Vlieger, J and Bedeaux, D},
  journal={Physica A: Statistical Mechanics and its Applications},
  volume={141},
  number={1},
  pages={33--57},
  year={1987},
  publisher={Elsevier}
}

@article{wind1987polarizabilityII,
  title={The polarizability of a truncated sphere on a substrate II},
  author={Wind, M M and Bobbert, P A and Vlieger, J and Bedeaux, D},
  journal={Physica A: Statistical Mechanics and its Applications},
  volume={143},
  number={1-2},
  pages={164--182},
  year={1987},
  publisher={Elsevier}
}

@article{wind1988polarizability,
  title={The polarizability of truncated spheres and oblate spheroids on a substrate: comparison with experimental results},
  author={Wind, M M and Bobbert, P A and Vlieger, J and Bedeaux, D},
  journal={Thin Solid Films},
  volume={164},
  pages={57--62},
  year={1988},
  publisher={Elsevier}
}

@article{wynn1961epsilon,
  title={The epsilon algorithm and operational formulas of numerical analysis},
  author={Wynn, P},
  journal={Mathematics of Computation},
  volume={15},
  number={74},
  pages={151--158},
  year={1961}
}

@article{yamaguchi1973anomalous,
  title={Anomalous optical absorption of aggregated silver films},
  author={Yamaguchi, T and Yoshida, S and Kinbara, A},
  journal={Thin solid films},
  volume={18},
  number={1},
  pages={63--70},
  year={1973},
  publisher={Elsevier}
}

@article{yamaguchi1974optical,
  title={Optical effect of the substrate on the anomalous absorption of aggregated silver films},
  author={Yamaguchi, T and Yoshida, S and Kinbara, A},
  journal={Thin solid films},
  volume={21},
  number={1},
  pages={173--187},
  year={1974},
  publisher={Elsevier}
}

@article{yurkin2007discrete,
  title={The discrete dipole approximation: an overview and recent developments},
  author={Yurkin, M A and Hoekstra, A G},
  journal={Journal of Quantitative Spectroscopy and Radiative Transfer},
  volume={106},
  number={1-3},
  pages={558--589},
  year={2007},
  publisher={Elsevier}
}


@article{zhang2008plasmonic,
  title={Plasmonic optical properties and applications of metal nanostructures},
  author={Zhang, J Z and Noguez, C},
  journal={Plasmonics},
  volume={3},
  number={4},
  pages={127--150},
  year={2008},
  publisher={Springer}
}


@article{zhao2003extinction,
  title={The extinction spectra of silver nanoparticle arrays: influence of array structure on plasmon resonance wavelength and width},
  author={Zhao, LinLin and Kelly, K Lance and Schatz, George C},
  journal={The Journal of Physical Chemistry B},
  volume={107},
  number={30},
  pages={7343--7350},
  year={2003},
  publisher={ACS Publications}
}
