

@book{allen2017computer,
  title={Computer simulation of liquids},
  author={Allen, M P and Tildesley, D J},
  edition={3},
  year={1991},
  publisher={Oxford university press}
}


@book{bagchi2018statistical,
  title={Statistical Mechanics for Chemistry and Materials Science},
  author={Bagchi, B},
  year={2018},
  publisher={CRC Press}
}



@book{Bedeaux2004,
address = {London},
author = {Bedeaux, D and Vlieger, J},
edition = {2},
file = {:Users/sunnivaindrehus/Documents/Utdanning/PhD/biblio{\_}Sunniva/Dick Bedeaux, Jan Vlieger Optical Properties Of Surfaces.pdf:pdf},
isbn = {1860944507},
mendeley-groups = {PhD,PhD/Books},
publisher = {Imperial College Press},
title = {{Optical properties of surfaces}},
year = {2004}
}


@book{Book:Bedeaux2002,
address = {London},
author = {Bedeaux, D and Vlieger, J},
edition = {First},
file = {:Users/sunnivaindrehus/Documents/Utdanning/PhD/biblio{\_}Sunniva/Dick Bedeaux, Jan Vlieger Optical Properties Of Surfaces.pdf:pdf},
isbn = {1860944507},
mendeley-groups = {PhD,PhD/Books},
publisher = {Imperial College Press},
title = {{Optical properties of surfaces}},
year = {2002}
}



@book{Bohren2004,
author = {Bohren, C F and Huffman, D R},
file = {:Users/sunnivaindrehus/Documents/Utdanning/PhD/Bib/Books/1983{\_}Bohren, Huffman{\_}Absorption and Scattering of Light by Small Particles Absorption and Scattering of Light by Small Particles.pdf:pdf},
mendeley-groups = {PhD/Books},
publisher = {Wiley-VCH},
title = {{Absorption and Scattering of Light by Small Particles}},
year = {2004}
}

@misc{Born1986,
author = {Born, M and Wolf, E},
file = {:Users/sunnivaindrehus/Documents/Utdanning/PhD/biblio{\_}Sunniva/Born M. Principles of Optics.pdf:pdf},
mendeley-groups = {PhD,PhD/Books},
title = {{Principles of Optics}},
year = {1986}
}

@book{boyd2004convex,
  title={Convex optimization},
  author={Boyd, and Vandenberghe, L},
  year={2004},
  publisher={Cambridge university press}
}



@book{chernov2012modern,
  title={Modern Theory of Crystal Growth I},
  author={Chernov, A A and M{\"u}ller-Krumbhaar, H},
  volume={9},
  year={2012},
  publisher={Springer Science \& Business Media}
}


@book{choy2015effective,
  title={Effective medium theory: principles and applications},
  author={Choy, T C},
  volume={165},
  year={2015},
  publisher={Oxford University Press}
}

@book{deBoor2001practical,
  title={A practical guide to splines},
  edition = {2},
  author={de Boor, C },
  year={2001},
  publisher={Springer}
}

@book{devries1994first,
  title={A first course in computational physics},
  author={DeVries, P L},
  year={1994},
  publisher={John Wiley \& Sons}
}


@book{Enoch2012,
edition = {1},
editor = {Enoch, S and Bonod, N},
file = {:Users/sunnivaindrehus/Documents/Utdanning/PhD/Bib/Books/2012{\_}Enoch, Bonod{\_}Plasmonics - From basics to advanced topics.pdf:pdf},
isbn = {9783642280788},
mendeley-groups = {PhD/Books},
publisher = {Springer},
title = {{Plasmonics: From Basics to Advanced Topics}},
year = {2012}
}


@book{gaponenko2010introduction,
  title={Introduction to nanophotonics},
  author={Gaponenko, S V},
  year={2010},
  publisher={Cambridge University Press}
}

@book{Griffiths1999,
author = {Griffiths, D J},
edition = {3rd},
file = {:Users/sunnivaindrehus/Documents/Utdanning/PhD/Bib/Books/1999{\_}Griffiths{\_}pretienceHall{\_}introElmag.pdf:pdf},
mendeley-groups = {PhD/Books},
publisher = {Prentice-Hall},
title = {Introduction to Electrodynamics},
year = {1999}
}

@book{hyland2015herbert,
  title={Herbert Fr{\"o}hlich: a physicist ahead of his time},
  author={Hyland, G J},
  year={2015},
  publisher={Springer}
}


@book{jackson2007classical,
  title={Classical electrodynamics},
  author={Jackson, J D},
  year={2007},
  publisher={John Wiley \& Sons}
}

@book{novotny2012principles,
  title={Principles of nano-optics},
  author={Novotny, L and Hecht, B},
  year={2012},
  publisher={Cambridge university press}
}


@book{kocks1998texture,
  title={Texture and anisotropy: preferred orientations in polycrystals and their effect on materials properties},
  author={Kocks, U  and Tom{\'e}, C N and Wenk, H-R},
  year={1998},
  publisher={Cambridge university press}
}

@book{Maradudin2007,
author = {Maradudin, A A},
editor = {Lockwood, David J.},
file = {:Users/sunnivaindrehus/Documents/Utdanning/PhD/Bib/Books/2007{\_}Maradudin{\_}Light Scattering and Nanoscale Surface Roughness.pdf:pdf},
isbn = {9780387255804},
mendeley-groups = {PhD/Books},
publisher = {Springer},
title = {{Light Scattering and Nanoscale Surface Roughness}},
year = {2007}
}

@book{McConnell2011,
author = {McConnell, S C},
booktitle = {Code Complete},
doi = {10.1039/c0an90005b},
edition = {2nd},
editor = {Steenburgh, Robin Van and Engelman, Devon},
eprint = {arXiv:1011.1669v3},
file = {:Users/sunnivaindrehus/Documents/Utdanning/PhD/Bib/Books/2004{\_}McConnell{\_}code{\_}complete.pdf:pdf},
isbn = {0735619670},
issn = {0003-2654},
mendeley-groups = {PhD/Books},
number = {1},
pmid = {21135959},
publisher = {Microsoft Press},
title = {{Code Complete}},
url = {http://xlink.rsc.org/?DOI=c0an90005b},
volume = {136},
year = {2011}
}

@book{nocedal2006numerical,
  title={Numerical optimization},
  author={Nocedal, J and Wright, S},
  year={2006},
  publisher={Springer Science \& Business Media}
}

@book{novotny2012principles,
  title={Principles of nano-optics},
  author={Novotny, L and Hecht, B},
  year={2012},
  publisher={Cambridge university press}
}

@book{press1992numerical,
  title={Numerical recipes in Fortran 77: volume 1, volume 1 of Fortran numerical recipes: the art of scientific computing},
  author={Press, W H and Teukolsky, S A and Flannery, B P and Vetterling, William T},
  year={1992},
  publisher={Cambridge university press}
}

@book{Stenzel2005,
author = {Stenzel, O},
editor = {Ertl, Gerhard and L{\"{u}}th, Hans and Mills, Douglas L},
file = {:Users/sunnivaindrehus/Documents/Utdanning/PhD/Bib/Books/2005{\_}Stenzel{\_}Physics{\_}of{\_}Thin{\_}Films{\_}Optical{\_}Spectra.pdf:pdf},
isbn = {9783540231479},
mendeley-groups = {PhD/Books},
publisher = {Springer},
title = {{The Physics of Thin Film Optical Spectra - An Introduction}},
year = {2005}
}
@book{Chartier2005,
author = {Chartier, Germain},
file = {:Users/sunnivaindrehus/Documents/Utdanning/PhD/Bib/Books/2005{\_}Chartier{\_}Introduction{\_}to{\_}Optics.pdf:pdf},
isbn = {0387403469},
mendeley-groups = {PhD/Books},
publisher = {Springer},
title = {{Introduction to Optics}},
year = {2005}
}
@book{Maier2007,
author = {Maier, S A},
file = {:Users/sunnivaindrehus/Documents/Utdanning/PhD/Bib/Books/2004{\_}Maier{\_}Fundamentals and Applications Plasmonics Fundamentals and Applications.pdf:pdf},
isbn = {9780387331508},
mendeley-groups = {PhD/Books},
publisher = {Springer},
title = {{Plasmonics: Fundamentals and Applications}},
year = {2007}
}

@book{jeffrey2007table,
  title={Table of integrals, series, and products},
  author={Jeffrey, A and Zwillinger, D},
  year={2007},
  edition = {Seventh},
  publisher={Elsevier}
}

@book{Kreibig1995,
author = {Kreibig, U and Vollmer, M},
edition = {1},
file = {:Users/sunnivaindrehus/Documents/Utdanning/PhD/Bib/Books/1995{\_}Kreibig, Vollmer{\_}Optical Properties of Metal Clusters.pdf:pdf},
isbn = {9783642081910},
mendeley-groups = {PhD/Books},
publisher = {Springer},
title = {{Optial Properties of Metal Clusters}},
year = {1995}
}

@book{feshbach2019methods,
  title={Methods of theoretical physics},
  author={Feshbach, H and Morse, P M and Michio, M},
  year={2019},
  publisher={Dover Publications}
}


@book{stenzel2005physics,
  title={The physics of thin film optical spectra},
  author={Stenzel, O},
  year={2005},
  publisher={Springer}
}

@book{solyom2007fundamentals,
  title={Fundamentals of the Physics of Solids: Volume 1: Structure and Dynamics},
  author={S{\'o}lyom, J},
  volume={1},
  year={2007},
  publisher={Springer Science \& Business Media}
}

@book{thide2004electromagnetic,
  title={Electromagnetic field theory},
  author={Thid{\'e}, B},
  year={2004},
  publisher={Upsilon books Uppsala}
}


@book{quinten2010optical,
  title={Optical properties of nanoparticle systems: Mie and beyond},
  author={Quinten, M},
  year={2010},
  publisher={John Wiley \& Sons}
}


@book{Zhan2003,
address = {Malabar, Florida},
author = {Zhan, M},
edition = {3},
file = {:Users/sunnivaindrehus/Documents/Utdanning/PhD/EM{\_}theory{\_}basics/Courses/MIT{\_}total{\_}EM{\_}withDetails.pdf:pdf},
mendeley-groups = {PhD/Books},
publisher = {Krieger Publishing Company},
title = {{Electromagnetic field theory: a problem solving approach}},
year = {2003}
}

@article{waseda1980structure,
  title={The structure of non-crystalline materials},
  author={Waseda, Y},
  journal={Liquids and Amorphous Solids},
  year={1980},
  publisher={McGraw-Hill}
}
