@article{Rider2012,
author = {Rider, A E and Ostrikov, K and Furman, S A},
doi = {10.1140/epjd/e2012-30273-3},
file = {:Users/sunnivaindrehus/Documents/Utdanning/PhD/Bib/Plasmonics/2012{\_}Rider{\_}EurPhysJD{\_}plasmaplasmonic.pdf:pdf},
journal = {European Physical Journal D},
mendeley-groups = {PhD/Plasmonics},
number = {226},
pages = {19},
title = {{Plasmas meet plasmonics}},
volume = {66},
year = {2012}
}


