




@misc{bigTech,
  title = {{Big Tech}},
  howpublished = {\url{https://en.wikipedia.org/wiki/Big_Tech}},
  note = {Retrieved 16:03, April 20, 2021.}
}


@misc{reproducibility,
  title = {{Neural Information Processing Systems: The Machine Learning Reproducibility Checklist}},
  howpublished = {\url{https://www.cs.mcgill.ca/~jpineau/ReproducibilityChecklist.pdf}},
  note = {Retrieved 08:57, April 21, 2021.}
}


@misc{academiaCodeQuality,
  title = {{THE LOW QUALITY OF SCIENTIFIC CODE}},
  howpublished = {\url{https://techblog.bozho.net/the-astonishingly-low-quality-of-scientific-code/}},
  note = {Retrieved 09:27, April 21, 2021.}
}


@misc{finnSearch,
  title = {{Avaliable positions as 'Data scientists' in Norway}},
  howpublished = {\url{https://www.finn.no/job/fulltime/search.html?abTestKey=rerank&q=data+scientist&sort=RELEVANCE}},
  note = {Retrieved 10:40, April 21, 2021.}
}


@misc{academiaCode,
  title = {{Ask HN: Why aren't more programmers in academia?}},
  howpublished = {\url{https://news.ycombinator.com/item?id=19475588}},
  note = {Retrieved 09:01, April 21, 2021.}
}

@misc{industryLesson2,
  title = {{Programming In Academia Vs Industry}},
  howpublished = {\url{https://medium.com/@rdasxy/programming-in-academia-vs-industry-5fb52852ea39}},
  note = {Retrieved 09:04, April 21, 2021.}
}



@misc{industryLesson3,
  title = {{On the quality of academic software}},
  howpublished = {\url{https://lemire.me/blog/2012/06/18/on-the-quality-of-academic-software/}},
  note = {Retrieved 09:07, April 21, 2021.}
}





@misc{homepageIngve,
  title = {{Homepage of Ingve Simonsen}},
  howpublished = {\url{http://web.phys.ntnu.no/~ingves/Science/Research/}},
  note = {Retrieved 22:36, July 14, 2020.}
}


@MISC{fortranPreproc,
title = {{Using Fortran preperocessor}},
author = {genomeek},
year = {},
note = {{Retrieved 13:55, February 27, 2018, from "\url{https://genomeek.wordpress.com/2012/02/16/using-fortran-preprocessor-1/}"}}
}

@MISC{greensFunctions,
title = {{Green's Functions in Physics}},
author = {Brilliant.org},
year = {},
note = {{Retrieved 09:41, September 20, 2017, from "\url{https://brilliant.org/wiki/greens-functions-in-physics/}"}}
}
@MISC{fortranBuild,
title = {{Building and linking to a shared Fortran library}},
author = {Craig Finch},
year = {October 26, 2009},
note = {{Retrieved 09:05, October 12, 2017, from "\url{https://shocksolution.com/2009/10/26/building-and-linking-to-a-shared-fortran-library/}"}}
}

@MISC{repositoryNML,
title = {{Building and linking to a shared Fortran library}},
author = {Alex Robinson},
year = {},
note = {{Retrieved 14:07, October 12, 2017, from "\url{https://github.com/alex-robinson/nml}"}}
}



@MISC{makefiles,
title = {{Makefile learning tutorial for Fortran}},
author = {RohanCFD},
year = {November 8, 2013},
note = {{Retrieved 10:07, October 10, 2017, from "\url{http://genius2k.is-programmer.com/posts/40301.html}"}}
}

@MISC{weakBoundaries,
title = {{A Brief Introduction to the Weak Form}},
author = {{COMSOL Blog by Chien Liu}},
year = {2014},
note = {{Retrieved 14:30, September 26, 2017, from "\url{https://www.comsol.com/blogs/brief-introduction-weak-form/}"}}
}



@MISC{sphericalCord,
title = {{Draw in cylindrical and spherical coordinates}},
author = {{Tex StackEchange}},
year = {2014},
note = {{Retrieved 16:38, September 29, 2017, from "\url{https://tex.stackexchange.com/questions/159445/draw-in-cylindrical-and-spherical-coordinates/159452}"}}
}

@MISC{notTerminalEmacs,
title = {{Don't use terminal Emacs}},
author = {{Aaron Bieber}},
year = {2016},
note = {{Retrieved 11:29, Mars 27, 2018, from "\url{https://blog.aaronbieber.com/2016/12/29/don-t-use-terminal-emacs.html}"}}
}

@MISC{gitDot,
title = {{Using Git and Github to Manage Your Dotfiles}},
author = {{Michael Smalley}},
year = {2012},
note = {{Retrieved 14:04, Mars 27, 2018, from "\url{http://blog.smalleycreative.com/tutorials/using-git-and-github-to-manage-your-dotfiles/}"}}
}

@MISC{emacsd,
title = {{Mac-setup: Emacs}},
author = {{Sourabh Bajaj}},
year = {},
note = {{Retrieved 17:09, Mars 29, 2018, from "\url{http://sourabhbajaj.com/mac-setup/Emacs/}"}}
}
